@article{usher2016,
  title={Fermionic 6$ j $-symbols in superfusion categories},
  author={Usher, Robert},
  journal={arXiv preprint arXiv:1606.03466},
  year={2016}
}

@book{Lins1994,
Author = {Kauffman, Louis H. and SÃ³stenes L., Lins},
ISBN = {0691036403},
Publisher = {Princeton, N.J. : Princeton University Press, 1994},
Series = {Annals of mathematics studies: no. 134},
Title = {Temperley-Lieb recoupling theory and invariants of 3-manifolds.},
URL = {https://clsproxy.library.caltech.edu/login?url=http://search.ebscohost.com/login.aspx?direct=true&db=cat04350a&AN=caltech.596017&site=eds-live&scope=site},
Year = {1994},
}

@article{wall1964,
  title={Graded Brauer groups},
  author={Wall, Charles Terence Clegg},
  journal={J. reine angew. Math},
  volume={213},
  pages={187--199},
  year={1964}
}

@incollection{jozefiak1988,
  title={Semisimple superalgebras},
  author={J{\'o}zefiak, Tadeusz},
  booktitle={Algebra Some Current Trends},
  pages={96--113},
  year={1988},
  publisher={Springer}
}


%%%%%E6 references.
@article{okazaki2013,
  title={The state sum invariant of 3--manifolds constructed from the E6 linear skein},
  author={Okazaki, Kenta},
  journal={Algebraic \& Geometric Topology},
  volume={13},
  number={6},
  pages={3469--3536},
  year={2013},
  publisher={Mathematical Sciences Publishers}
}

@article{Wakui2002,
  title={ON THE TURAEV-VIRO-OCNEANU INVARIANT OF 3-MANIFOLDS DERIVED FROMTHE <i>E</i><sub>6</sub>-SUBFACTOR},
  author={Koutarou SUZUKI and Michihisa WAKUI},
  journal={Kyushu Journal of Mathematics},
  volume={56},
  number={1},
  pages={59-81},
  year={2002},
  doi={10.2206/kyushujm.56.59}
}


@article{Hong2008,
  title={On exotic modular tensor categories},
  author={Hong, Seung-Moon and Rowell, Eric and Wang, Zhenghan},
  journal={Communications in Contemporary Mathematics},
  volume={10},
  number={supp01},
  pages={1049--1074},
  year={2008},
  publisher={World Scientific}
}